<?xml version="1.0" encoding="UTF-8"?><record xmlns="http://www.loc.gov/MARC21/slim" xmlns:cinclude="http://apache.org/cocoon/include/1.0" xmlns:zs="http://www.loc.gov/zing/srw/">
  <leader>00305nz  a2200121n  4500</leader>
  <controlfield tag="001">nb2001010238</controlfield>
  <controlfield tag="003">DLC</controlfield>
  <controlfield tag="005">20010217064106.0</controlfield>
  <controlfield tag="008">010216n| acannaabn          |n aaa      </controlfield>
  <datafield tag="010" ind1=" " ind2=" ">
    <subfield code="a">nb2001010238</subfield>
  </datafield>
  <datafield tag="040" ind1=" " ind2=" ">
    <subfield code="a">Uk</subfield>
    <subfield code="b">eng</subfield>
    <subfield code="c">Uk</subfield>
  </datafield>
  <datafield tag="100" ind1="1" ind2="0">
    <subfield code="a">Chernoff, Marvin</subfield>
  </datafield>
  <datafield tag="670" ind1=" " ind2=" ">
    <subfield code="a">Chaim's love song, c2000:</subfield>
    <subfield code="b">t.p. (Marvin Chernoff)</subfield>
  </datafield>
</record>